@ARTICLE{2013A&A...552A.133S,
   author = {{Starck}, J.-L. and {Donoho}, D.~L. and {Fadili}, M.~J. and 
	{Rassat}, A.},
    title = "{Sparsity and the Bayesian perspective}",
  journal = {\aap},
archivePrefix = "arXiv",
   eprint = {1302.2758},
 primaryClass = "astro-ph.IM",
 keywords = {methods: statistical, cosmic background radiation, methods: data analysis},
     year = 2013,
    month = apr,
   volume = 552,
      eid = {A133},
    pages = {A133},
      doi = {10.1051/0004-6361/201321257},
   adsurl = {http://adsabs.harvard.edu/abs/2013A%26A...552A.133S},
  adsnote = {Provided by the SAO/NASA Astrophysics Data System}
}

@ARTICLE{2008StMet...5..289A,
   author = {{Abrial}, P. and {Moudden}, Y. and {Starck}, J.-L. and {Fadili}, J. and 
	{Delabrouille}, J. and {Nguyen}, M.~K.},
    title = "{CMB data analysis and sparsity}",
  journal = {Statistical Methodology},
archivePrefix = "arXiv",
   eprint = {0804.1295},
     year = 2008,
    month = jul,
   volume = 5,
    pages = {289-298},
      doi = {10.1016/j.stamet.2007.11.005},
   adsurl = {http://adsabs.harvard.edu/abs/2008StMet...5..289A},
  adsnote = {Provided by the SAO/NASA Astrophysics Data System}
}

@ARTICLE{2007ITIP...16.2675B,
   author = {{Bobin}, J. and {Starck}, J.-L. and {Fadili}, J.~M. and {Moudden}, Y. and 
	{Donoho}, D.~L.},
    title = "{Morphological Component Analysis: An Adaptive Thresholding Strategy}",
  journal = {IEEE Transactions on Image Processing},
     year = 2007,
    month = nov,
   volume = 16,
    pages = {2675-2681},
      doi = {10.1109/TIP.2007.907073},
   adsurl = {http://adsabs.harvard.edu/abs/2007ITIP...16.2675B},
  adsnote = {Provided by the SAO/NASA Astrophysics Data System}
}


@ARTICLE{2010ApJ...709..483L,
   author = {{Lavaux}, G. and {Tully}, R.~B. and {Mohayaee}, R. and {Colombi}, S.
	},
    title = "{Cosmic Flow From Two Micron All-Sky Redshift Survey: the Origin of Cosmic Microwave Background Dipole and Implications for {$\Lambda$}CDM Cosmology}",
  journal = {\apj},
archivePrefix = "arXiv",
   eprint = {0810.3658},
 keywords = {cosmological parameters, cosmology: observations, large-scale structure of universe, methods: data analysis, methods: numerical, methods: statistical},
     year = 2010,
    month = jan,
   volume = 709,
    pages = {483-498},
      doi = {10.1088/0004-637X/709/1/483},
   adsurl = {http://adsabs.harvard.edu/abs/2010ApJ...709..483L},
  adsnote = {Provided by the SAO/NASA Astrophysics Data System}
}

@ARTICLE{2011ApJ...741...31B,
   author = {{Bilicki}, M. and {Chodorowski}, M. and {Jarrett}, T. and {Mamon}, G.~A.
	},
    title = "{Is the Two Micron All Sky Survey Clustering Dipole Convergent?}",
  journal = {\apj},
archivePrefix = "arXiv",
   eprint = {1102.4356},
 keywords = {cosmology: observations, cosmology: theory, large-scale structure of Universe, methods: data analysis, methods: statistical, surveys},
     year = 2011,
    month = nov,
   volume = 741,
      eid = {31},
    pages = {31},
      doi = {10.1088/0004-637X/741/1/31},
   adsurl = {http://adsabs.harvard.edu/abs/2011ApJ...741...31B},
  adsnote = {Provided by the SAO/NASA Astrophysics Data System}
}


@ARTICLE{2012arXiv1205.1970B,
   author = {{Bilicki}, M.},
    title = "{Motion of the Local Group as a cosmological probe}",
  journal = {ArXiv e-prints},
archivePrefix = "arXiv",
   eprint = {1205.1970},
 primaryClass = "astro-ph.CO",
 keywords = {Astrophysics - Cosmology and Extragalactic Astrophysics},
     year = 2012,
    month = may,
   adsurl = {http://adsabs.harvard.edu/abs/2012arXiv1205.1970B},
  adsnote = {Provided by the SAO/NASA Astrophysics Data System}
}


@ARTICLE{2016AJ....151...52S,
   author = {{Staveley-Smith}, L. and {Kraan-Korteweg}, R.~C. and {Schr{\"o}der}, A.~C. and 
	{Henning}, P.~A. and {Koribalski}, B.~S. and {Stewart}, I.~M. and 
	{Heald}, G.},
    title = "{The Parkes H I Zone of Avoidance Survey}",
  journal = {\aj},
archivePrefix = "arXiv",
   eprint = {1602.02922},
 keywords = {galaxies: distances and redshifts, galaxies: fundamental parameters, large-scale structure of universe, surveys},
     year = 2016,
    month = mar,
   volume = 151,
      eid = {52},
    pages = {52},
      doi = {10.3847/0004-6256/151/3/52},
   adsurl = {http://adsabs.harvard.edu/abs/2016AJ....151...52S},
  adsnote = {Provided by the SAO/NASA Astrophysics Data System}
}

@ARTICLE{2016arXiv160207710A,
   author = {E. Antolini and J. S. Heyl},
    title = {Using the 2-MASS Photometric Redshift Survey to optimize LIGO Follow-Up Observations},
  journal = {\mn},
archivePrefix = "arXiv",
   eprint = {1602.07710},
 primaryClass = "astro-ph.HE",
 keywords = {Astrophysics - High Energy Astrophysical Phenomena},
     year = 2016,
    month = feb,
    XXXpass = {w9b6d},
    note = {submitted (7 pages)},
   adsurl = {http://adsabs.harvard.edu/abs/2016arXiv160207710A},
  adsnote = {Provided by the SAO/NASA Astrophysics Data System}
}

@ARTICLE{2014A&A...570A..13M,
   author = {{Makarov}, D. and {Prugniel}, P. and {Terekhova}, N. and {Courtois}, H. and 
	{Vauglin}, I.},
    title = "{HyperLEDA. III. The catalogue of extragalactic distances}",
  journal = {\aap},
 keywords = {astronomical databases: miscellaneous, catalogs, galaxies: distances, and redshifts},
     year = 2014,
    month = oct,
   volume = 570,
      eid = {A13},
    pages = {A13},
      doi = {10.1051/0004-6361/201423496},
   adsurl = {http://adsabs.harvard.edu/abs/2014A%26A...570A..13M},
  adsnote = {Provided by the SAO/NASA Astrophysics Data System}
}
